@ARTICLE{aspects,
author={Maja Pivec and Olga Dziabenko and Irmgard Schinnerl},
journal={Proceedings of I-KNOW ’03 Graz, Austria, July 2-4, 2003},
title={Aspects of game-based learning},
year={2003},
month={July},
pages={216--225}
}

@ARTICLE{domestic,
author={Helga Sigurđardóttir},
journal={Nordic Journal of Science and Technology Studies},
title={Domesticating Digital Game-based Learning},
year={2016},
pages={5--16}
}

@ARTICLE{online,
author={Pablo Moreno-Ger and Daniel Burgos and Iván Martínez-Ortiz and  José Luis Sierra and Baltasar Fernández-Manjón},
journal={Computers in Human Behavior},
title={Educational game design for online education},
year={2008},
pages={1--11},
doi={10.1016/j.chb.2008.03.012}
}

@ARTICLE{framework,
author={Roslina Ibrahim and Azizah Jaafar},
journal={2009 International Conference on Electrical Engineering and Informatics, 5-7 August 2009, Selangor, Malaysia},
title={Educational Games (EG) Design Framework: Combination of Game Design, Pedagogy and Content Modeling},
year={2009},
month={August},
pages={293--298},
doi={10.1109/ICEEI.2009.5254771}
}

@ARTICLE{compare,
author={Rula Al-Azawi and Fatma Al-Faliti and Mazin Al-Blushi},
journal={International Journal of Innovation, Management and Technology, Vol. 7, No. 4, August 2016},
title={Educational Gamification Vs. Game Based Learning: Comparative Study},
year={2016},
month={August},
pages={132--136},
doi={10.18178/ijimt.2016.7.4.659}
}

@ARTICLE{engage,
author={Michele D. Dickey},
journal={2005, Educational Technology Research and Development},
title={Engaging by design: How engagement strategies in popular computer and video games can inform instructional design},
year={2005},
pages={67--83},
ISSN={1042–1629}
}

@ONLINE{traditional,
author={Justin Marquis},
title={Game Based vs Traditional Learning - What's the Difference?},
year={2012},
url={https://www.academia.edu/6459813/Game_Based_vs_Traditional_Learning},
urldate={30-11-2023}
}

@ARTICLE{model,
author={Yen-Ru Shi and Ju-Ling Shih},
journal={International Journal of Computer Games Technology},
title={Game Factors and Game-Based Learning Design Model},
year={2015},
month={April},
pages={1--11},
doi={http://dx.doi.org/10.1155/2015/549684}
}

@ONLINE{gamific,
author={Amber Wilson},
title={Gamification and game-based learning},
url={https://www.academia.edu/35564836/Gamification_and_game_based_learning},
urldate={30-11-2023}
}

@ARTICLE{edu,
author={Gabriela Kiryakova and Nadezhda Angelova and Lina Yordanova},
journal={Conference: 9th International Balkan Education and Science Conference},
title={Gamification in Education},
year={2014},
month={October},
}

@ARTICLE{higher,
author={Lila A. Loos and Martha E. Crosby},
journal={P. Zaphiris and A. Ioannou (Eds.): LCT 2017, Part I, LNCS 10295, pp. 474–486, 2017},
title={Gamification Methods in Higher Education},
year={2017},
pages={474--486},
doi={10.1007/978-3-319-58509-3_37}
}

@ARTICLE{corners,
author={Bradley James and Dr. B.D.Fletcher and Nia Wearn},
journal={8th International Conference on the Foundations of Digital Games},
title={Three Corners of Reward in Computer Games},
year={2013},
month={January},
}

@ONLINE{mmo,
author={Jelle Klokman},
title={Reward Systems in Massively Multi-player Online Role Playing Games},
year={2012},
url={https://www.academia.edu/5780001/Reward_Systems_in_Massively_Multi_player_Online_Role_Playing_Games},
urldate={30-11-2023}
}

@ARTICLE{fail,
author={Kay Berkling and Heiko Faller and Micha Piertzik and Wolmet Barendregt and Laura Benton},
journal={9th International Conference on Computer Supported Education (CSEDU 2017)},
title={Uncovering Failures of Game Design for Educational Content (and How to Fix Them)},
year={2017}
}

@inbook{lifelong,
title={Game based lifelong learning},
author={Sebastian Kelle and Steinn E. Sigurðarson and Wim Westera and Marcus Specht},
year={2011},
doi={10.4018/978-1-61520-983-5.ch014},
isbn={9781615209835},
pages={337--349},
booktitle={E-Infrastructures and Technologies for Lifelong Learning},
edition={1}
}

@ARTICLE{equilibrium,
author={John Dah and Norhayati Hussin and Muhamad Khairulnizam Zaini and Linda Isaac Helda and Divine Senanu Ametefe and Abdulmalik Adozuka Aliu and Wang Suqi and Aziz Caliskan},
journal={International Journal of Serious Games, Volume 10, Issue 3, September 2023},
title={Gamification Equilibrium: The Fulcrum for Balanced Intrinsic Motivation and Extrinsic Rewards in Electronic Learning Systems},
year={2023},
month={September},
pages={83--116},
doi={10.17083/ijsg.v10i3.633}
}

@ONLINE{cambridge,
author = {{Cambridge University Press}},
title = {Meaning of edutainment in english},
month = {january},
year = {2024},
url = {https://dictionary.cambridge.org/dictionary/english/edutainment}
}

@ARTICLE{elektra,
author={Michael D. Kickmeier-Rust and Daniel Schwarz and Dietrich Albert and Dominique Verpoorten and Jean-Loup Castaigne and Matthias Bopp},
journal={USAB 2006, Interdisciplinary Aspects on Digital Media \& Education, Proceedings of the 2nd Symposium of the WG HCI\&UE of the Austrian Computer Society, 23 November 2006, Vienna, Austria},
title={The Elektra Project: Towards a New Learning Experience},
year={2006},
month={November},
doi={10.13140/2.1.2272.8646}
}

@ONLINE{eightydays,
author = {{The Seventh Framework Programme for research and technological development - FP7}},
title = {Around an Inspiring Virtual Learning World in Eighty Days},
month = {january},
year = {2024},
url = {http://www.eightydays.eu}
}

@MISC{leaderboard, 
title={Duolingo Leaderboards}, 
url={https://dribbble.com/shots/6380998-Duolingo-Leaderboards}, 
author={Trivelli, John}, 
year={2019},
note = {[Online; accessed February 20, 2024]}
}

@MISC{streak,
title={Duolingo Steaks Screenshot},
author={My Year By Design}, 
url={https://yearbydesign.wordpress.com/2016/08/18/duolingo/}, 
year={2016},
note = {[Online; accessed February 20, 2024]}
} 

@MISC{level,
title={Screenshot of the Duolingo app},
author={Liam Hunter-Bailey}, 
url={https://medium.com/skilluped/i-used-duolingo-for-100-days-did-it-work-fda8d52e19ad}, 
year={2020},
note = {[Online; accessed February 20, 2024]}
} 

@MISC{avatar,
title={Health},
author={Kent12t}, 
url={https://habitica.fandom.com/wiki/Health_Points},
note = {[Online; accessed February 20, 2024]}
} 

@MISC{monkey,
title={Ingame Screenshot When first starting the game},
author={IGDB}, 
url={https://www.igdb.com/games/the-monkey-wrench-conspiracy},
note = {[Online; accessed March 11, 2024]}
}

@MISC{stanley,
title={The-Stanley-Parable-Screenshot-16},
author={Luke Walsh}, 
url={https://videogamesuncovered.com/reviews/the-stanley-parable-review/the-stanley-parable-screenshot-16/},
year={2013},
note = {[Online; accessed March 11, 2024]}
}

@MISC{civil,
title={Rome Sweet Rome},
author={Sunhawk}, 
url={https://www.nerdsworthacademy.com/2010/09/30/civilization-5-why-must-you-suck-away-my-life/},
year={2010},
note = {[Online; accessed March 11, 2024]}
}